@misc {EthicalOverview,
   author = {Hansson},
   url = {https://doi.org/10.1007/s13347-021-00464-5}, 
   year = {2021},
   title = {Self-Driving Vehiclesâ€”an Ethical Overview.},
}

@msic {AutonomousAccidents,
   author = {Teagan Ampe},
   url = {https://vce.usc.edu/volume-4-issue-2/autonomous-accidents-the-ethics-of-self-driving-car-crashes/},
   year = {2020},
   title = {Autonomous Accidents: The Ethics of Self-Driving Car Crashe},
}

@misc {
   author = 
}



